@article{Abramowicz:2015mha,
      author         = "Abramowicz, H. and others",
      title          = "{Combination of measurements of inclusive deep inelastic
                        ${e^{\pm }p}$ scattering cross sections and QCD analysis
                        of HERA data}",
      collaboration  = "ZEUS, H1",
      journal        = "Eur. Phys. J.",
      volume         = "C75",
      year           = "2015",
      number         = "12",
      pages          = "580",
      doi            = "10.1140/epjc/s10052-015-3710-4",
      eprint         = "1506.06042",
      archivePrefix  = "arXiv",
      primaryClass   = "hep-ex",
      reportNumber   = "DESY-15-039",
      SLACcitation   = "%%CITATION = ARXIV:1506.06042;%%"
}

@article{Laenen:1992zk,
      author         = "Laenen, Eric and Riemersma, S. and Smith, J. and van
                        Neerven, W. L.",
      title          = "{Complete O (alpha-s) corrections to heavy flavor
                        structure functions in electroproduction}",
      journal        = "Nucl. Phys.",
      volume         = "B392",
      year           = "1993",
      pages          = "162-228",
      doi            = "10.1016/0550-3213(93)90201-Y",
      reportNumber   = "ITP-SB-92-09",
      SLACcitation   = "%%CITATION = NUPHA,B392,162;%%"
}

@article{Laenen:1992xs,
      author         = "Laenen, Eric and Riemersma, S. and Smith, J. and van
                        Neerven, W. L.",
      title          = "{O(alpha-s) corrections to heavy flavor inclusive
                        distributions in electroproduction}",
      journal        = "Nucl. Phys.",
      volume         = "B392",
      year           = "1993",
      pages          = "229-250",
      doi            = "10.1016/0550-3213(93)90202-Z",
      reportNumber   = "FERMILAB-PUB-92-271-T, ITP-SB-92-41",
      SLACcitation   = "%%CITATION = NUPHA,B392,229;%%"
}
@article{Abdolmaleki:2018jln,
      author         = "Abdolmaleki, Hamed and others",
      title          = "{Impact of low-$x$ resummation on QCD analysis of HERA
                        data}",
      collaboration  = "xFitter Developers' Team",
      journal        = "Eur. Phys. J.",
      volume         = "C78",
      year           = "2018",
      number         = "8",
      pages          = "621",
      doi            = "10.1140/epjc/s10052-018-6090-8",
      eprint         = "1802.00064",
      archivePrefix  = "arXiv",
      primaryClass   = "hep-ph",
      SLACcitation   = "%%CITATION = ARXIV:1802.00064;%%"
}
@article{Alekhin:2014sya,
      author         = "Alekhin, S. and Blumlein, J. and Caminadac, L. and Lipka,
                        K. and Lohwasser, K. and Moch, S. and Petti, R. and
                        Placakyte, R.",
      title          = "{Determination of Strange Sea Quark Distributions from
                        Fixed-target and Collider Data}",
      journal        = "Phys. Rev.",
      volume         = "D91",
      year           = "2015",
      number         = "9",
      pages          = "094002",
      doi            = "10.1103/PhysRevD.91.094002",
      eprint         = "1404.6469",
      archivePrefix  = "arXiv",
      primaryClass   = "hep-ph",
      reportNumber   = "DESY-14-055, DO-TH-14-06, LPN-14-063, SFB-CPP-14-21,
                        MITP-14-031",
      SLACcitation   = "%%CITATION = ARXIV:1404.6469;%%"
}

@article{Blumlein:2011zu,
      author         = "Blumlein, J. and Hasselhuhn, A. and Kovacikova, P. and
                        Moch, S.",
      title          = "{$O(\alpha_s)$ Heavy Flavor Corrections to Charged
                        Current Deep-Inelastic Scattering in Mellin Space}",
      journal        = "Phys. Lett.",
      volume         = "B700",
      year           = "2011",
      pages          = "294-304",
      doi            = "10.1016/j.physletb.2011.05.007",
      eprint         = "1104.3449",
      archivePrefix  = "arXiv",
      primaryClass   = "hep-ph",
      reportNumber   = "DESY-11-032, DO-TH-11-06, SFB-CPP-11-19, LPN-11-19,
                        DESY-11--032, DO--TH-11-06, SFB-CPP-11--19, LPN-11--19",
      SLACcitation   = "%%CITATION = ARXIV:1104.3449;%%"
}
@article{Gluck:1997sj,
      author         = "Gluck, M. and Kretzer, S. and Reya, E.",
      title          = "{Detailed next-to-leading order analysis of deep
                        inelastic neutrino induced charm production off strange
                        sea partons}",
      journal        = "Phys. Lett.",
      volume         = "B398",
      year           = "1997",
      pages          = "381-386",
      doi            = "10.1016/S0370-2693(97)90016-2,
                        10.1016/S0370-2693(97)00232-3",
      note           = "[Erratum: Phys. Lett.B405,392(1997)]",
      eprint         = "hep-ph/9701364",
      archivePrefix  = "arXiv",
      primaryClass   = "hep-ph",
      reportNumber   = "DO-TH-97-01",
      SLACcitation   = "%%CITATION = HEP-PH/9701364;%%"
}
@article{Gottschalk:1980rv,
      author         = "Gottschalk, Thomas",
      title          = "{Chromodynamic Corrections to Neutrino Production of
                        Heavy Quarks}",
      journal        = "Phys. Rev.",
      volume         = "D23",
      year           = "1981",
      pages          = "56",
      doi            = "10.1103/PhysRevD.23.56",
      reportNumber   = "ANL-HEP-PR-80-35",
      SLACcitation   = "%%CITATION = PHRVA,D23,56;%%"
}

@article{Berger:2016inr,
      author         = "Berger, Edmond L. and Gao, Jun and Li, Chong Sheng and
                        Liu, Ze Long and Zhu, Hua Xing",
      title          = "{Charm-Quark Production in Deep-Inelastic Neutrino
                        Scattering at Next-to-Next-to-Leading Order in QCD}",
      journal        = "Phys. Rev. Lett.",
      volume         = "116",
      year           = "2016",
      number         = "21",
      pages          = "212002",
      doi            = "10.1103/PhysRevLett.116.212002",
      eprint         = "1601.05430",
      archivePrefix  = "arXiv",
      primaryClass   = "hep-ph",
      SLACcitation   = "%%CITATION = ARXIV:1601.05430;%%"
}
@article{Abdolmaleki:2017wlg,
      author         = "Abdolmaleki, H. and Khorramian, A. and Aleedaneshvar, A.",
      title          = "{Impact of intrinsic charm on PDFs with EMC and LHC
                        data}",
      booktitle      = "{Proceedings, 19th International Conference in Quantum
                        Chromodynamics  (QCD 16): Montpellier, France, July 4–9,
                        2016}",
      journal        = "Nucl. Part. Phys. Proc.",
      volume         = "282-284",
      year           = "2017",
      pages          = "27-31",
      doi            = "10.1016/j.nuclphysbps.2016.12.006",
      SLACcitation   = "%%CITATION = INSPIRE-1518249;%%"
}

@article{Zenaiev:2016kfl,
      author         = "Zenaiev, Oleksandr",
      title          = "{Charm Production and QCD Analysis at HERA and LHC}",
      journal        = "Eur. Phys. J.",
      volume         = "C77",
      year           = "2017",
      number         = "3",
      pages          = "151",
      doi            = "10.3204/PUBDB-2017-01474, 10.1140/epjc/s10052-017-4620-4",
      eprint         = "1612.02371",
      archivePrefix  = "arXiv",
      primaryClass   = "hep-ex",
      reportNumber   = "DESY-17-025",
      SLACcitation   = "%%CITATION = ARXIV:1612.02371;%%"
}

@article{Behnke:2015qja,
      author         = "Behnke, O. and Geiser, A. and Lisovyi, M.",
      title          = "{Charm, Beauty and Top at HERA}",
      journal        = "Prog. Part. Nucl. Phys.",
      volume         = "84",
      year           = "2015",
      pages          = "1-72",
      doi            = "10.1016/j.ppnp.2015.06.002",
      eprint         = "1506.07519",
      archivePrefix  = "arXiv",
      primaryClass   = "hep-ex",
      reportNumber   = "DESY-15-085",
      SLACcitation   = "%%CITATION = ARXIV:1506.07519;%%"
}

@article{Behring:2015roa,
      author         = "Behring, A. and Blümlein, J. and De Freitas, A. and
                        Hasselhuhn, A. and von Manteuffel, A. and Schneider, C.",
      title          = "{O(α$_s^3$) heavy flavor contributions to the charged
                        current structure function $xF_3(x,Q^2)$ at large momentum
                        transfer}",
      journal        = "Phys. Rev.",
      volume         = "D92",
      year           = "2015",
      number         = "11",
      pages          = "114005",
      doi            = "10.1103/PhysRevD.92.114005",
      eprint         = "1508.01449",
      archivePrefix  = "arXiv",
      primaryClass   = "hep-ph",
      reportNumber   = "DESY-15-077, DO-TH-15-07, MITP-15-039, DESY-15--077,
                        DO--TH-15-07",
      SLACcitation   = "%%CITATION = ARXIV:1508.01449;%%"
}
@article{Abazov:2014fka,
      author         = "Abazov, Victor Mukhamedovich and others",
      title          = "{Measurement of the $W+b$-jet and $W+c$-jet differential
                        production cross sections in $p\bar{p}$ collisions at
                        $\sqrt{s}=1.96$ TeV}",
      collaboration  = "D0",
      journal        = "Phys. Lett.",
      volume         = "B743",
      year           = "2015",
      pages          = "6-14",
      doi            = "10.1016/j.physletb.2015.02.012",
      eprint         = "1412.5315",
      archivePrefix  = "arXiv",
      primaryClass   = "hep-ex",
      reportNumber   = "FERMILAB-PUB-14-525-E",
      SLACcitation   = "%%CITATION = ARXIV:1412.5315;%%"
}
@article{Lai:2007dq,
      author         = "Lai, H. L. and Nadolsky, Pavel M. and Pumplin, J. and
                        Stump, D. and Tung, W. K. and Yuan, C. -P.",
      title          = "{The Strange parton distribution of the nucleon: Global
                        analysis and applications}",
      journal        = "JHEP",
      volume         = "04",
      year           = "2007",
      pages          = "089",
      doi            = "10.1088/1126-6708/2007/04/089",
      eprint         = "hep-ph/0702268",
      archivePrefix  = "arXiv",
      primaryClass   = "hep-ph",
      reportNumber   = "ANL-HEP-PR-07-14, MSU-HEP-07012",
      SLACcitation   = "%%CITATION = HEP-PH/0702268;%%"
}

@article{Samoylov:2013xoa,
      author         = "Samoylov, O. and others",
      title          = "{A Precision Measurement of Charm Dimuon Production in
                        Neutrino Interactions from the NOMAD Experiment}",
      collaboration  = "NOMAD",
      journal        = "Nucl. Phys.",
      volume         = "B876",
      year           = "2013",
      pages          = "339-375",
      doi            = "10.1016/j.nuclphysb.2013.08.021",
      eprint         = "1308.4750",
      archivePrefix  = "arXiv",
      primaryClass   = "hep-ex",
      SLACcitation   = "%%CITATION = ARXIV:1308.4750;%%"
}
@article{Seligman:1997mc,
      author         = "Seligman, W. G. and others",
      title          = "{Improved determination of alpha(s) from neutrino nucleon
                        scattering}",
      journal        = "Phys. Rev. Lett.",
      volume         = "79",
      year           = "1997",
      pages          = "1213-1216",
      doi            = "10.1103/PhysRevLett.79.1213",
      eprint         = "hep-ex/9701017",
      archivePrefix  = "arXiv",
      primaryClass   = "hep-ex",
      reportNumber   = "NEVIS-REPORT-292",
      SLACcitation   = "%%CITATION = HEP-EX/9701017;%%"
}

@article{Tzanov:2005kr,
      author         = "Tzanov, M. and others",
      title          = "{Precise measurement of neutrino and anti-neutrino
                        differential cross sections}",
      collaboration  = "NuTeV",
      journal        = "Phys. Rev.",
      volume         = "D74",
      year           = "2006",
      pages          = "012008",
      doi            = "10.1103/PhysRevD.74.012008",
      eprint         = "hep-ex/0509010",
      archivePrefix  = "arXiv",
      primaryClass   = "hep-ex",
      reportNumber   = "FERMILAB-PUB-05-453-E",
      SLACcitation   = "%%CITATION = HEP-EX/0509010;%%"
}
@article{Onengut:2005kv,
      author         = "Onengut, G. and others",
      title          = "{Measurement of nucleon structure functions in neutrino
                        scattering}",
      collaboration  = "CHORUS",
      journal        = "Phys. Lett.",
      volume         = "B632",
      year           = "2006",
      pages          = "65-75",
      doi            = "10.1016/j.physletb.2005.10.062",
      reportNumber   = "CERN-PH-EP-2005-048",
      SLACcitation   = "%%CITATION = PHLTA,B632,65;%%"
}
@article{Berge:1989hr,
      author         = "Berge, J. P. and others",
      title          = "{A Measurement of Differential Cross-Sections and Nucleon
                        Structure Functions in Charged Current Neutrino
                        Interactions on Iron}",
      journal        = "Z. Phys.",
      volume         = "C49",
      year           = "1991",
      pages          = "187-224",
      doi            = "10.1007/BF01555493",
      reportNumber   = "CERN-EP-89-103",
      SLACcitation   = "%%CITATION = ZEPYA,C49,187;%%"
}
@article{Airapetian:2008qf,
      author         = "Airapetian, A. and others",
      title          = "{Measurement of Parton Distributions of Strange Quarks in
                        the Nucleon from Charged-Kaon Production in Deep-Inelastic
                        Scattering on the Deuteron}",
      collaboration  = "HERMES",
      journal        = "Phys. Lett.",
      volume         = "B666",
      year           = "2008",
      pages          = "446-450",
      doi            = "10.1016/j.physletb.2008.07.090",
      eprint         = "0803.2993",
      archivePrefix  = "arXiv",
      primaryClass   = "hep-ex",
      reportNumber   = "DESY-07-223",
      SLACcitation   = "%%CITATION = ARXIV:0803.2993;%%"
}
@article{Abazov:2008qz,
      author         = "Abazov, V. M. and others",
      title          = "{Measurement of the ratio of the $p \bar{p} \to W^+ c^-$
                        jet cross section to the inclusive $p \bar{p} \to W +$
                        jets cross section}",
      collaboration  = "D0",
      journal        = "Phys. Lett.",
      volume         = "B666",
      year           = "2008",
      pages          = "23-30",
      doi            = "10.1016/j.physletb.2008.06.067",
      eprint         = "0803.2259",
      archivePrefix  = "arXiv",
      primaryClass   = "hep-ex",
      reportNumber   = "FERMILAB-PUB-08-062-E",
      SLACcitation   = "%%CITATION = ARXIV:0803.2259;%%"
}
@article{Aaltonen:2007dm,
      author         = "Aaltonen, T. and others",
      title          = "{First measurement of the production of a $W$ boson in
                        association with a single charm quark in $p \bar{p}$
                        collisions at $\sqrt{s}$ = 1.96-TeV}",
      collaboration  = "CDF",
      journal        = "Phys. Rev. Lett.",
      volume         = "100",
      year           = "2008",
      pages          = "091803",
      doi            = "10.1103/PhysRevLett.100.091803",
      eprint         = "0711.2901",
      archivePrefix  = "arXiv",
      primaryClass   = "hep-ex",
      reportNumber   = "FERMILAB-PUB-07-616-E",
      SLACcitation   = "%%CITATION = ARXIV:0711.2901;%%"
}
@article{Kretzer:2003it,
      author         = "Kretzer, S. and Lai, H. L. and Olness, F. I. and Tung, W.
                        K.",
      title          = "{Cteq6 parton distributions with heavy quark mass
                        effects}",
      journal        = "Phys. Rev.",
      volume         = "D69",
      year           = "2004",
      pages          = "114005",
      doi            = "10.1103/PhysRevD.69.114005",
      eprint         = "hep-ph/0307022",
      archivePrefix  = "arXiv",
      primaryClass   = "hep-ph",
      reportNumber   = "MSU-HEP-030101, BNL-NT-03-2, RBRC-325",
      SLACcitation   = "%%CITATION = HEP-PH/0307022;%%"
}
@article{Martin:2004ir,
      author         = "Martin, A. D. and Roberts, R. G. and Stirling, W. J. and
                        Thorne, R. S.",
      title          = "{Physical gluons and high E($T$) jets}",
      journal        = "Phys. Lett.",
      volume         = "B604",
      year           = "2004",
      pages          = "61-68",
      doi            = "10.1016/j.physletb.2004.10.040",
      eprint         = "hep-ph/0410230",
      archivePrefix  = "arXiv",
      primaryClass   = "hep-ph",
      reportNumber   = "IPPP-04-64, DCPT-04-128, CAVENDISH-HEP-2004-27",
      SLACcitation   = "%%CITATION = HEP-PH/0410230;%%"
}
@article{Aaboud:2016btc,
      author         = "Aaboud, Morad and others",
      title          = "{Precision measurement and interpretation of inclusive
                        $W^+$ , $W^-$ and $Z/\gamma ^*$ production cross sections
                        with the ATLAS detector}",
      collaboration  = "ATLAS",
      journal        = "Eur. Phys. J.",
      volume         = "C77",
      year           = "2017",
      number         = "6",
      pages          = "367",
      doi            = "10.1140/epjc/s10052-017-4911-9",
      eprint         = "1612.03016",
      archivePrefix  = "arXiv",
      primaryClass   = "hep-ex",
      reportNumber   = "CERN-EP-2016-272",
      SLACcitation   = "%%CITATION = ARXIV:1612.03016;%%"
}

@article{Martin:2009iq,
      author         = "Martin, A. D. and Stirling, W. J. and Thorne, R. S. and
                        Watt, G.",
      title          = "{Parton distributions for the LHC}",
      journal        = "Eur. Phys. J.",
      volume         = "C63",
      year           = "2009",
      pages          = "189-285",
      doi            = "10.1140/epjc/s10052-009-1072-5",
      eprint         = "0901.0002",
      archivePrefix  = "arXiv",
      primaryClass   = "hep-ph",
      reportNumber   = "IPPP-08-95, DCPT-08-190, CAVENDISH-HEP-08-16",
      SLACcitation   = "%%CITATION = ARXIV:0901.0002;%%"
}


@article{Luszczak:2016bxd,
      author         = "Luszczak, Agnieszka and Kowalski, Henri",
      title          = "{Dipole model analysis of highest precision HERA data,
                        including very low $Q^{2}$'s}",
      journal        = "Phys. Rev.",
      volume         = "D95",
      year           = "2017",
      number         = "1",
      pages          = "014030",
      doi            = "10.1103/PhysRevD.95.014030",
      eprint         = "1611.10100",
      archivePrefix  = "arXiv",
      primaryClass   = "hep-ph",
      reportNumber   = "DESY-16-231, DESY-REPORT-16-231",
      SLACcitation   = "%%CITATION = ARXIV:1611.10100;%%"
}

@article{Kowalski:2017umu,
      author         = "Kowalski, H. and Lipatov, L. N. and Ross, D. A. and
                        Schulz, O.",
      title          = "{Decoupling of the leading contribution in the discrete
                        BFKL Analysis of High-Precision HERA Data}",
      journal        = "Eur. Phys. J.",
      volume         = "C77",
      year           = "2017",
      number         = "11",
      pages          = "777",
      doi            = "10.1140/epjc/s10052-017-5359-7",
      eprint         = "1707.01460",
      archivePrefix  = "arXiv",
      primaryClass   = "hep-ph",
      reportNumber   = "DESY-17-090",
      SLACcitation   = "%%CITATION = ARXIV:1707.01460;%%"
}

@article{Motyka:2017xgk,
      author         = "Motyka, Leszek and Sadzikowski, Mariusz and Slominski,
                        Wojciech and Wichmann, Katarzyna",
      title          = "{Evidence of quasi-partonic higher-twist effects in deep
                        inelastic scattering at HERA at moderate $Q^2$}",
      year           = "2017",
      eprint         = "1707.05992",
      journal        = "arXiv:1707.05992",
      archivePrefix  = "arXiv",
      primaryClass   = "hep-ph",
      SLACcitation   = "%%CITATION = ARXIV:1707.05992;%%"
}

@article{Gao:2017yyd,
      author         = "Gao, Jun and Harland-Lang, Lucian and Rojo, Juan",
      title          = "{The Structure of the Proton in the LHC Precision Era}",
      year           = "2017",
      eprint         = "1709.04922",
      journal        = "arXiv:1709.04922",
      archivePrefix  = "arXiv",
      primaryClass   = "hep-ph",
      SLACcitation   = "%%CITATION = ARXIV:1709.04922;%%"
}

@article{CooperSarkar:1987ds,
      author         = "Cooper-Sarkar, Amanda M. and Ingelman, G. and Long, K. R.
                        and Roberts, R. G. and Saxon, D. H.",
      title          = "{Measurement of the Longitudinal Structure Function and
                        the Small X Gluon Density of the Proton}",
      booktitle      = "{DESY HERA Workshop 1987:0231}",
      journal        = "Z. Phys.",
      volume         = "C39",
      year           = "1988",
      pages          = "281",
      doi            = "10.1007/BF01551005",
      reportNumber   = "RAL-87-112",
      SLACcitation   = "%%CITATION = ZEPYA,C39,281;%%"
}

@article{Abt:2016vjh,
      author         = "Abt, I. and Cooper-Sarkar, A. M. and Foster, B. and
                        Myronenko, V. and Wichmann, K. and Wing, M.",
      title          = "{Study of HERA ep data at low Q$^2$ and low $x_{Bj}$ and
                        the need for higher-twist corrections to standard
                        perturbative QCD fits}",
      journal        = "Phys. Rev.",
      volume         = "D94",
      year           = "2016",
      number         = "3",
      pages          = "034032",
      doi            = "10.1103/PhysRevD.94.034032",
      eprint         = "1604.02299",
      archivePrefix  = "arXiv",
      primaryClass   = "hep-ph",
      reportNumber   = "DESY-16-064",
      SLACcitation   = "%%CITATION = ARXIV:1604.02299;%%"
}

@article{Harland-Lang:2016yfn,
      author         = "Harland-Lang, L. A. and Martin, A. D. and Motylinski, P.
                        and Thorne, R. S.",
      title          = "{The impact of the final HERA combined data on PDFs
                        obtained from a global fit}",
      journal        = "Eur. Phys. J.",
      volume         = "C76",
      year           = "2016",
      number         = "4",
      pages          = "186",
      doi            = "10.1140/epjc/s10052-016-4020-1",
      eprint         = "1601.03413",
      archivePrefix  = "arXiv",
      primaryClass   = "hep-ph",
      reportNumber   = "LCTS-2015-45, IPPP-15-81, DCPT-15-162",
      SLACcitation   = "%%CITATION = ARXIV:1601.03413;%%"
}

@article{Alekhin:2016uxn,
      author         = "Alekhin, Sergey and Bluemlein, Johannes and Moch,
                        Sven-Olaf and Placakyte, Rengaile",
      title          = "{The new ABMP16 PDF}",
      booktitle      = "{Proceedings, 24th International Workshop on
                        Deep-Inelastic Scattering and Related Subjects (DIS 2016):
                        Hamburg, Germany, April 11-15, 2016}",
      journal        = "PoS",
      volume         = "DIS2016",
      year           = "2016",
      pages          = "016",
      eprint         = "1609.03327",
      archivePrefix  = "arXiv",
      primaryClass   = "hep-ph",
      reportNumber   = "DESY-16-121, DO-TH-16-25",
      SLACcitation   = "%%CITATION = ARXIV:1609.03327;%%"
}

@article{Andreev:2013vha,
      author         = "Andreev, V. and others",
      title          = "{Measurement of inclusive $e p$ cross sections at high
                        $Q^2$ at $\sqrt s =$ 225 and 252 GeV and of the
                        longitudinal proton structure function $F_L$ at HERA}",
      collaboration  = "H1",
      journal        = "Eur. Phys. J.",
      volume         = "C74",
      year           = "2014",
      number         = "4",
      pages          = "2814",
      doi            = "10.1140/epjc/s10052-014-2814-6",
      eprint         = "1312.4821",
      archivePrefix  = "arXiv",
      primaryClass   = "hep-ex",
      reportNumber   = "DESY-13-211",
      SLACcitation   = "%%CITATION = ARXIV:1312.4821;%%"
}

@article{Ball:2017otu,
      author         = "Ball, Richard D. and Bertone, Valerio and Bonvini, Marco
                        and Marzani, Simone and Rojo, Juan and Rottoli, Luca",
      title          = "{Parton distributions with small-x resummation: evidence
                        for BFKL dynamics in HERA data}",
      year           = "2017",
      eprint         = "1710.05935",
      journal        = "arXiv:1710.05935",
      archivePrefix  = "arXiv",
      primaryClass   = "hep-ph",
      reportNumber   = "EDINBURGH-2017-15, NIKHEF-2017-027, OUTP-17-12P",
      SLACcitation   = "%%CITATION = ARXIV:1710.05935;%%"
}

@article{Altarelli:1999vw,
      author         = "Altarelli, Guido and Ball, Richard D. and Forte, Stefano",
      title          = "{Resummation of singlet parton evolution at small x}",
      journal        = "Nucl. Phys.",
      volume         = "B575",
      year           = "2000",
      pages          = "313-329",
      doi            = "10.1016/S0550-3213(00)00032-8",
      eprint         = "hep-ph/9911273",
      archivePrefix  = "arXiv",
      primaryClass   = "hep-ph",
      reportNumber   = "CERN-TH-99-317, RM3-TH-99-11, EDINBURGH-99-18",
      SLACcitation   = "%%CITATION = HEP-PH/9911273;%%"
}

@article{Altarelli:2000mh,
      author         = "Altarelli, Guido and Ball, Richard D. and Forte, Stefano",
      title          = "{Small x resummation and HERA structure function data}",
      journal        = "Nucl. Phys.",
      volume         = "B599",
      year           = "2001",
      pages          = "383-423",
      doi            = "10.1016/S0550-3213(01)00023-2",
      eprint         = "hep-ph/0011270",
      archivePrefix  = "arXiv",
      primaryClass   = "hep-ph",
      reportNumber   = "CERN-TH-2000-252, EDINBURGH-2000-24, RM3-TH-2000-13",
      SLACcitation   = "%%CITATION = HEP-PH/0011270;%%"
}

@article{Altarelli:2001ji,
      author         = "Altarelli, Guido and Ball, Richard D. and Forte, Stefano",
      title          = "{Factorization and resummation of small x scaling
                        violations with running coupling}",
      journal        = "Nucl. Phys.",
      volume         = "B621",
      year           = "2002",
      pages          = "359-387",
      doi            = "10.1016/S0550-3213(01)00563-6",
      eprint         = "hep-ph/0109178",
      archivePrefix  = "arXiv",
      primaryClass   = "hep-ph",
      reportNumber   = "CERN-TH-2001-206, EDINBURGH-2001-10, RM3-TH-01-08",
      SLACcitation   = "%%CITATION = HEP-PH/0109178;%%"
}

@article{Altarelli:2003hk,
      author         = "Altarelli, Guido and Ball, Richard D. and Forte, Stefano",
      title          = "{An Anomalous dimension for small x evolution}",
      journal        = "Nucl. Phys.",
      volume         = "B674",
      year           = "2003",
      pages          = "459-483",
      doi            = "10.1016/j.nuclphysb.2003.09.040",
      eprint         = "hep-ph/0306156",
      archivePrefix  = "arXiv",
      primaryClass   = "hep-ph",
      reportNumber   = "CERN-TH-2003-019, EDINBURGH-2003-08, IFUM-745-FT",
      SLACcitation   = "%%CITATION = HEP-PH/0306156;%%"
}

@article{Altarelli:2005ni,
      author         = "Altarelli, Guido and Ball, Richard D. and Forte, Stefano",
      title          = "{Perturbatively stable resummed small x evolution
                        kernels}",
      journal        = "Nucl. Phys.",
      volume         = "B742",
      year           = "2006",
      pages          = "1-40",
      doi            = "10.1016/j.nuclphysb.2006.01.046",
      eprint         = "hep-ph/0512237",
      archivePrefix  = "arXiv",
      primaryClass   = "hep-ph",
      reportNumber   = "CERN-PH-TH-2005-174, RM3-TH-05-15, EDINBURGH-2005-22,
                        IFUM-843-FT",
      SLACcitation   = "%%CITATION = HEP-PH/0512237;%%"
}

@article{Ball:2007ra,
      author         = "Ball, Richard D.",
      title          = "{Resummation of Hadroproduction Cross-sections at High
                        Energy}",
      journal        = "Nucl. Phys.",
      volume         = "B796",
      year           = "2008",
      pages          = "137-183",
      doi            = "10.1016/j.nuclphysb.2007.12.014",
      eprint         = "0708.1277",
      archivePrefix  = "arXiv",
      primaryClass   = "hep-ph",
      reportNumber   = "EDINBURGH-2007-11",
      SLACcitation   = "%%CITATION = ARXIV:0708.1277;%%"
}

@article{Altarelli:2008xp,
      author         = "Altarelli, Guido and Ball, Richard D and Forte, Stefano",
      title          = "{Structure Function Resummation in small-x QCD}",
      booktitle      = "{Applications of quantum field theory to phenomenology.
                        Proceedings, 8th International Symposium on Radiative
                        Corrections, RADCOR 2007, Florence, Italy, October 1-5,
                        2007}",
      journal        = "PoS",
      volume         = "RADCOR2007",
      year           = "2007",
      pages          = "028",
      eprint         = "0802.0968",
      archivePrefix  = "arXiv",
      primaryClass   = "hep-ph",
      reportNumber   = "CERN-PH-TH-2008-024, EDINBURGH-2008-08",
      SLACcitation   = "%%CITATION = ARXIV:0802.0968;%%"
}

@article{Altarelli:2008aj,
      author         = "Altarelli, Guido and Ball, Richard D. and Forte, Stefano",
      title          = "{Small x Resummation with Quarks: Deep-Inelastic
                        Scattering}",
      journal        = "Nucl. Phys.",
      volume         = "B799",
      year           = "2008",
      pages          = "199-240",
      doi            = "10.1016/j.nuclphysb.2008.03.003",
      eprint         = "0802.0032",
      archivePrefix  = "arXiv",
      primaryClass   = "hep-ph",
      reportNumber   = "CERN-PH-TH-2008-014, EDINBURGH-2007-49, IFUM-905-FT,
                        RM3-TH-08-1",
      SLACcitation   = "%%CITATION = ARXIV:0802.0032;%%"
}

@article{White:2006yh,
      author         = "White, C. D. and Thorne, R. S.",
      title          = "{A Global Fit to Scattering Data with NLL BFKL
                        Resummations}",
      journal        = "Phys. Rev.",
      volume         = "D75",
      year           = "2007",
      pages          = "034005",
      doi            = "10.1103/PhysRevD.75.034005",
      eprint         = "hep-ph/0611204",
      archivePrefix  = "arXiv",
      primaryClass   = "hep-ph",
      reportNumber   = "NIKHEF-2006-011",
      SLACcitation   = "%%CITATION = HEP-PH/0611204;%%"
}

@article{Bonvini:2016wki,
      author         = "Bonvini, Marco and Marzani, Simone and Peraro, Tiziano",
      title          = "{Small-$x$ resummation from HELL}",
      journal        = "Eur. Phys. J.",
      volume         = "C76",
      year           = "2016",
      number         = "11",
      pages          = "597",
      doi            = "10.1140/epjc/s10052-016-4445-6",
      eprint         = "1607.02153",
      archivePrefix  = "arXiv",
      primaryClass   = "hep-ph",
      reportNumber   = "OUTP-16-20P, EDINBURGH-2016-13",
      SLACcitation   = "%%CITATION = ARXIV:1607.02153;%%"
}

@article{Bonvini:2017ogt,
      author         = "Bonvini, Marco and Marzani, Simone and Muselli, Claudio",
      title          = "{Towards parton distribution functions with small-$x$
                        resummation: HELL 2.0}",
      journal        = "JHEP",
      volume         = "12",
      year           = "2017",
      pages          = "117",
      doi            = "10.1007/JHEP12(2017)117",
      eprint         = "1708.07510",
      archivePrefix  = "arXiv",
      primaryClass   = "hep-ph",
      SLACcitation   = "%%CITATION = ARXIV:1708.07510;%%"
}

@article{Alekhin:2014irh,
      author         = "Alekhin, S. and others",
      title          = "{HERAFitter}",
      journal        = "Eur. Phys. J.",
      volume         = "C75",
      year           = "2015",
      number         = "7",
      pages          = "304",
      doi            = "10.1140/epjc/s10052-015-3480-z",
      eprint         = "1410.4412",
      archivePrefix  = "arXiv",
      primaryClass   = "hep-ph",
      reportNumber   = "DESY-14-188, DESY-REPORT-14-188, FERMILAB-PUB-14-603-CMS",
      SLACcitation   = "%%CITATION = ARXIV:1410.4412;%%"
}

@article{h1zeus:2009wt,
      author         = "Aaron, F.D. and others",
      title          = "{Combined Measurement and QCD Analysis of the Inclusive
                        e+- p Scattering Cross Sections at HERA}",
      collaboration  = "H1 and ZEUS Collaborations",
      journal        = "JHEP",
      volume         = "1001",
      pages          = "109",
      doi            = "10.1007/JHEP01(2010)109",
      year           = "2010",
      eprint         = "arXiv:0911.0884",
      archivePrefix  = "arXiv",
      primaryClass   = "hep-ex",
}

@article{Aaron:2009kv,
      author         = "Aaron, F. D. and others",
      title          = "{A Precision Measurement of the Inclusive ep Scattering
                        Cross Section at HERA}",
      collaboration  = "H1",
      journal        = "Eur. Phys. J.",
      volume         = "C64",
      year           = "2009",
      pages          = "561-587",
      doi            = "10.1140/epjc/s10052-009-1169-x",
      eprint         = "0904.3513",
      archivePrefix  = "arXiv",
      primaryClass   = "hep-ex",
      reportNumber   = "DESY-09-005, DESY09-005",
      SLACcitation   = "%%CITATION = ARXIV:0904.3513;%%"
}

@article{Botje:2010ay,
      author         = "Botje, M.",
      title          = "{QCDNUM: Fast QCD Evolution and Convolution}",
      journal        = "Comput. Phys. Commun.",
      volume         = "182",
      year           = "2011",
      pages          = "490-532",
      doi            = "10.1016/j.cpc.2010.10.020",
      eprint         = "1005.1481",
      archivePrefix  = "arXiv",
      primaryClass   = "hep-ph",
      reportNumber   = "NIKHEF-10-002",
      SLACcitation   = "%%CITATION = ARXIV:1005.1481;%%"
}

@article{Thorne:1997ga,
      author         = "Thorne, R. S. and Roberts, R. G.",
      title          = "{An Ordered analysis of heavy flavor production in deep
                        inelastic scattering}",
      journal        = "Phys. Rev.",
      volume         = "D57",
      year           = "1998",
      pages          = "6871-6898",
      doi            = "10.1103/PhysRevD.57.6871",
      eprint         = "hep-ph/9709442",
      archivePrefix  = "arXiv",
      primaryClass   = "hep-ph",
      reportNumber   = "RAL-TR-97-049",
      SLACcitation   = "%%CITATION = HEP-PH/9709442;%%"
}

@article{Thorne:2006qt,
      author         = "Thorne, R. S.",
      title          = "{A Variable-flavor number scheme for NNLO}",
      journal        = "Phys. Rev.",
      volume         = "D73",
      year           = "2006",
      pages          = "054019",
      doi            = "10.1103/PhysRevD.73.054019",
      eprint         = "hep-ph/0601245",
      archivePrefix  = "arXiv",
      primaryClass   = "hep-ph",
      reportNumber   = "CAVENDISH-HEP-2006-01",
      SLACcitation   = "%%CITATION = HEP-PH/0601245;%%"
}

@article{James:1975dr,
      author         = "James, F. and Roos, M.",
      title          = "{Minuit: A System for Function Minimization and Analysis
                        of the Parameter Errors and Correlations}",
      journal        = "Comput. Phys. Commun.",
      volume         = "10",
      year           = "1975",
      pages          = "343-367",
      doi            = "10.1016/0010-4655(75)90039-9",
      reportNumber   = "CERN-DD-75-20",
      SLACcitation   = "%%CITATION = CPHCB,10,343;%%"
}

@article{Bertone:2013vaa,
      author         = "Bertone, Valerio and Carrazza, Stefano and Rojo, Juan",
      title          = "{APFEL: A PDF Evolution Library with QED corrections}",
      journal        = "Comput. Phys. Commun.",
      volume         = "185",
      year           = "2014",
      pages          = "1647-1668",
      doi            = "10.1016/j.cpc.2014.03.007",
      eprint         = "1310.1394",
      archivePrefix  = "arXiv",
      primaryClass   = "hep-ph",
      reportNumber   = "IFUM-1015-FT, CERN-PH-TH-2013-209",
      SLACcitation   = "%%CITATION = ARXIV:1310.1394;%%"
}

@article{Abramowicz:1900rp,
      author         = "Abramowicz, H. and others",
      title          = "{Combination and QCD Analysis of Charm Production Cross
                        Section Measurements in Deep-Inelastic ep Scattering at
                        HERA}",
      collaboration  = "ZEUS, H1",
      journal        = "Eur. Phys. J.",
      volume         = "C73",
      year           = "2013",
      number         = "2",
      pages          = "2311",
      doi            = "10.1140/epjc/s10052-013-2311-3",
      eprint         = "1211.1182",
      archivePrefix  = "arXiv",
      primaryClass   = "hep-ex",
      reportNumber   = "DESY-12-172",
      SLACcitation   = "%%CITATION = ARXIV:1211.1182;%%"
}

@article{Aaron:2009af,
      author         = "Aaron, F. D. and others",
      title          = "{Measurement of the Charm and Beauty Structure Functions
                        using the H1 Vertex Detector at HERA}",
      collaboration  = "H1",
      journal        = "Eur. Phys. J.",
      volume         = "C65",
      year           = "2010",
      pages          = "89-109",
      doi            = "10.1140/epjc/s10052-009-1190-0",
      eprint         = "0907.2643",
      archivePrefix  = "arXiv",
      primaryClass   = "hep-ex",
      reportNumber   = "DESY-09-096, DESY09-096",
      SLACcitation   = "%%CITATION = ARXIV:0907.2643;%%"
}

@article{Abramowicz:2014zub,
      author         = "Abramowicz, H. and others",
      title          = "{Measurement of beauty and charm production in deep
                        inelastic scattering at HERA and measurement of the
                        beauty-quark mass}",
      collaboration  = "ZEUS",
      journal        = "JHEP",
      volume         = "09",
      year           = "2014",
      pages          = "127",
      doi            = "10.1007/JHEP09(2014)127",
      eprint         = "1405.6915",
      archivePrefix  = "arXiv",
      primaryClass   = "hep-ex",
      reportNumber   = "DESY-14-083",
      SLACcitation   = "%%CITATION = ARXIV:1405.6915;%%"
}

@article{Bertone:2017ehk,
      author         = "Bertone, V. and others",
      title          = "{Impact of the heavy quark matching scales in PDF fits}",
      collaboration  = "The xFitter Developers Team",
      journal        = "Eur. Phys. J.",
      volume         = "C77",
      year           = "2017",
      number         = "12",
      pages          = "837",
      doi            = "10.1140/epjc/s10052-017-5407-3",
      eprint         = "1707.05343",
      archivePrefix  = "arXiv",
      primaryClass   = "hep-ph",
      SLACcitation   = "%%CITATION = ARXIV:1707.05343;%%"
}

@article{Aaron:2012qi,
      author         = "Aaron, F. D. and others",
      title          = "{Inclusive Deep Inelastic Scattering at High $Q^2$ with
                        Longitudinally Polarised Lepton Beams at HERA}",
      collaboration  = "H1",
      journal        = "JHEP",
      volume         = "09",
      year           = "2012",
      pages          = "061",
      doi            = "10.1007/JHEP09(2012)061",
      eprint         = "1206.7007",
      archivePrefix  = "arXiv",
      primaryClass   = "hep-ex",
      reportNumber   = "DESY-12-107",
      SLACcitation   = "%%CITATION = ARXIV:1206.7007;%%"
}

@article{Forte:2010ta,
      author         = "Forte, Stefano and Laenen, Eric and Nason, Paolo and
                        Rojo, Juan",
      title          = "{Heavy quarks in deep-inelastic scattering}",
      journal        = "Nucl. Phys.",
      volume         = "B834",
      year           = "2010",
      pages          = "116-162",
      doi            = "10.1016/j.nuclphysb.2010.03.014",
      eprint         = "1001.2312",
      archivePrefix  = "arXiv",
      primaryClass   = "hep-ph",
      reportNumber   = "IFUM-949-FT, NIKHEF-2010-001, ITP-UU-10-03, ITFA-2010-01",
      SLACcitation   = "%%CITATION = ARXIV:1001.2312;%%"
}

@article{Ball:2017nwa,
      author         = "Ball, Richard D. and others",
      title          = "{Parton distributions from high-precision collider data}",
      collaboration  = "NNPDF",
      journal        = "Eur. Phys. J.",
      volume         = "C77",
      year           = "2017",
      number         = "10",
      pages          = "663",
      doi            = "10.1140/epjc/s10052-017-5199-5",
      eprint         = "1706.00428",
      archivePrefix  = "arXiv",
      primaryClass   = "hep-ph",
      reportNumber   = "CAVENDISH-HEP-17-06, CERN-TH-2017-077, EDINBURGH-2017-08,
                        NIKHEF-2017-006, OUTP-17-04P, TIF-UNIMI-2017-3",
      SLACcitation   = "%%CITATION = ARXIV:1706.00428;%%"
}
@article{Ball:1995vc,
      author         = "Ball, Richard D. and Forte, Stefano",
      title          = "{Summation of leading logarithms at small x}",
      journal        = "Phys.Lett.",
      volume         = "B351",
      pages          = "313-324",
      doi            = "10.1016/0370-2693(95)00395-2",
      year           = "1995",
      eprint         = "hep-ph/9501231",
      archivePrefix  = "arXiv",
      primaryClass   = "hep-ph",
      reportNumber   = "CERN-TH-95-1, CERN-TH-95-01, CERN-TH-95-001,
                        CERN-TH-7549-95",
      SLACcitation   = "%%CITATION = HEP-PH/9501231;%%",
}

@article{Ball:1997vf,
      author         = "Ball, Richard D. and Forte, Stefano",
      title          = "{Asymptotically free partons at high-energy}",
      journal        = "Phys.Lett.",
      volume         = "B405",
      pages          = "317-326",
      doi            = "10.1016/S0370-2693(97)00625-4",
      year           = "1997",
      eprint         = "hep-ph/9703417",
      archivePrefix  = "arXiv",
      primaryClass   = "hep-ph",
      reportNumber   = "EDINBURGH-97-2, DFTT-19-97",
      SLACcitation   = "%%CITATION = HEP-PH/9703417;%%",
}
@article{Salam:1998tj,
      author         = "Salam, G.P.",
      title          = "{A Resummation of large subleading corrections at small
                        x}",
      journal        = "JHEP",
      volume         = "9807",
      pages          = "019",
      doi            = "10.1088/1126-6708/1998/07/019",
      year           = "1998",
      eprint         = "hep-ph/9806482",
      archivePrefix  = "arXiv",
      primaryClass   = "hep-ph",
      reportNumber   = "IFUM-627-FT",
      SLACcitation   = "%%CITATION = HEP-PH/9806482;%%",
}
@article{Ciafaloni:1999yw,
      author         = "Ciafaloni, M. and Colferai, D. and Salam, G.P.",
      title          = "{Renormalization group improved small x equation}",
      journal        = "Phys.Rev.",
      volume         = "D60",
      pages          = "114036",
      doi            = "10.1103/PhysRevD.60.114036",
      year           = "1999",
      eprint         = "hep-ph/9905566",
      archivePrefix  = "arXiv",
      primaryClass   = "hep-ph",
      reportNumber   = "DFF-338-5-99, BICOCCA-FT-99-10",
      SLACcitation   = "%%CITATION = HEP-PH/9905566;%%",
}
@article{Ciafaloni:2003rd,
      author         = "Ciafaloni, M. and Colferai, D. and Salam, G.P. and
                        Stasto, A.M.",
      title          = "{Renormalization group improved small x Green's
                        function}",
      journal        = "Phys.Rev.",
      volume         = "D68",
      pages          = "114003",
      doi            = "10.1103/PhysRevD.68.114003",
      year           = "2003",
      eprint         = "hep-ph/0307188",
      archivePrefix  = "arXiv",
      primaryClass   = "hep-ph",
      reportNumber   = "DESY-03-060, DFF-404-05-03, LPTHE-03-20",
      SLACcitation   = "%%CITATION = HEP-PH/0307188;%%",
}
@article{Ciafaloni:2007gf,
      author         = "Ciafaloni, M. and Colferai, D. and Salam, G.P. and
                        Stasto, A.M.",
      title          = "{A Matrix formulation for small-$x$ singlet evolution}",
      journal        = "JHEP",
      volume         = "0708",
      pages          = "046",
      doi            = "10.1088/1126-6708/2007/08/046",
      year           = "2007",
      eprint         = "0707.1453",
      archivePrefix  = "arXiv",
      primaryClass   = "hep-ph",
      reportNumber   = "CERN-PH-TH-2007-104, DFF-436-07-07",
      SLACcitation   = "%%CITATION = ARXIV:0707.1453;%%",
}

@article{Thorne:1999rb,
      author         = "Thorne, Robert S.",
      title          = "{NLO BFKL equation, running coupling and renormalization
                        scales}",
      journal        = "Phys. Rev.",
      volume         = "D60",
      year           = "1999",
      pages          = "054031",
      doi            = "10.1103/PhysRevD.60.054031",
      eprint         = "hep-ph/9901331",
      archivePrefix  = "arXiv",
      primaryClass   = "hep-ph",
      reportNumber   = "OUTP-9902-P",
      SLACcitation   = "%%CITATION = HEP-PH/9901331;%%"
}

@article{Thorne:1999sg,
      author         = "Thorne, Robert S.",
      title          = "{Explicit calculation of the running coupling BFKL
                        anomalous dimension}",
      journal        = "Phys. Lett.",
      volume         = "B474",
      year           = "2000",
      pages          = "372-384",
      doi            = "10.1016/S0370-2693(00)00019-8",
      eprint         = "hep-ph/9912284",
      archivePrefix  = "arXiv",
      primaryClass   = "hep-ph",
      SLACcitation   = "%%CITATION = HEP-PH/9912284;%%"
}

@article{Thorne:2001nr,
      author         = "Thorne, Robert S.",
      title          = "{The Running coupling BFKL anomalous dimensions and
                        splitting functions}",
      journal        = "Phys. Rev.",
      volume         = "D64",
      year           = "2001",
      pages          = "074005",
      doi            = "10.1103/PhysRevD.64.074005",
      eprint         = "hep-ph/0103210",
      archivePrefix  = "arXiv",
      primaryClass   = "hep-ph",
      reportNumber   = "CAVENDISH-HEP-01-03",
      SLACcitation   = "%%CITATION = HEP-PH/0103210;%%"
}


@article{Belov:2014xwo,
      author         = "Belov, P. and others",
      title          = "{Parton distribution functions at LO, NLO and NNLO with
                        correlated uncertainties between orders}",
      collaboration  = "HERAFitter developers' Team",
      journal        = "Eur. Phys. J.",
      volume         = "C74",
      year           = "2014",
      number         = "10",
      pages          = "3039",
      doi            = "10.1140/epjc/s10052-014-3039-4",
      eprint         = "1404.4234",
      archivePrefix  = "arXiv",
      primaryClass   = "hep-ph",
      reportNumber   = "DESY-14-054",
      SLACcitation   = "%%CITATION = ARXIV:1404.4234;%%"
}
@article{Ball:2015dpa,
      author         = "Ball, Richard D. and Bonvini, Marco and Rottoli, Luca",
      title          = "{Charm in Deep-Inelastic Scattering}",
      journal        = "JHEP",
      volume         = "11",
      year           = "2015",
      pages          = "122",
      doi            = "10.1007/JHEP11(2015)122",
      eprint         = "1510.02491",
      archivePrefix  = "arXiv",
      primaryClass   = "hep-ph",
      reportNumber   = "EDINBURGH-2015-06, CERN-PH-TH-2015-118, OUTP-15-25P",
      SLACcitation   = "%%CITATION = ARXIV:1510.02491;%%"
}
@article{Ball:2015tna,
      author         = "Ball, Richard D. and Bertone, Valerio and Bonvini, Marco
                        and Forte, Stefano and Groth Merrild, Patrick and Rojo,
                        Juan and Rottoli, Luca",
      title          = "{Intrinsic charm in a matched general-mass scheme}",
      journal        = "Phys. Lett.",
      volume         = "B754",
      year           = "2016",
      pages          = "49-58",
      doi            = "10.1016/j.physletb.2015.12.077",
      eprint         = "1510.00009",
      archivePrefix  = "arXiv",
      primaryClass   = "hep-ph",
      reportNumber   = "EDINBURGH-2015-06, TIF-UNIMI-2015-11, OUTP-15-20P,
                        EDINBURGH-2015-14, CERN-PH-TH-2015-176, --OUTP-15-20P",
      SLACcitation   = "%%CITATION = ARXIV:1510.00009;%%"
}

@article{Gleisberg:2008ta,
      author         = "Gleisberg, T. and Hoeche, Stefan. and Krauss, F. and
                        Schonherr, M. and Schumann, S. and Siegert, F. and Winter, J.",
      title          = "{Event generation with SHERPA 1.1}",
      journal        = "JHEP",
      volume         = "02",
       year           = "2009",
      pages          = "007",
      doi            = "10.1088/1126-6708/2009/02/007",
     eprint         = "0811.4622",
       archivePrefix  = "arXiv",
      primaryClass   = "hep-ph",
      reportNumber   = "FERMILAB-PUB-08-477-T, SLAC-PUB-13420, ZU-TH-17-08,
                      DCPT-08-138, IPPP-08-69, EDINBURGH-2008-30, MCNET-08-14",
     SLACcitation   = "%%CITATION = ARXIV:0811.4622;%%"
}


@article{Alekhin:2017kpj,
      author         = "Alekhin, S. and Bl{\"u}mlein, J. and Moch, S. and Placakyte,
                        R.",
      title          = "{Parton distribution functions, $\alpha_s$, and
                        heavy-quark masses for LHC Run II}",
      journal        = "Phys. Rev.",
      volume         = "D96",
      year           = "2017",
      number         = "1",
      pages          = "014011",
      doi            = "10.1103/PhysRevD.96.014011",
      eprint         = "1701.05838",
      archivePrefix  = "arXiv",
      primaryClass   = "hep-ph",
      reportNumber   = "DESY-16-179, DO-TH-16-13",
      SLACcitation   = "%%CITATION = ARXIV:1701.05838;%%"
}

@article{Alekhin:2018pai,
      author         = "Alekhin, S. and Bl{\"u}mlein, J. and Moch, S.",
      title          = "{NLO PDFs from the ABMP16 fit}",
      journal        = "Eur. Phys. J.",
      volume         = "C78",
      year           = "2018",
      number         = "6",
      pages          = "477",
      doi            = "10.1140/epjc/s10052-018-5947-1",
      eprint         = "1803.07537",
      archivePrefix  = "arXiv",
      primaryClass   = "hep-ph",
      reportNumber   = "DESY 18-026, DO-TH 17/28, DESY-18-026, DO-TH-17-28",
      SLACcitation   = "%%CITATION = ARXIV:1803.07537;%%"
}

@article{Paukkunen:2014zia,
    author         = "Paukkunen, Hannu and Zurita, Pia",
    title          = "{PDF reweighting in the Hessian matrix approach}",
    year           = "2014",
    eprint         = "arXiv:1402.6623",
    archivePrefix  = "arXiv",
    primaryClass   = "hep-ph",
    SLACcitation   = "%%CITATION = ARXIV:1402.6623;%%",
}

@article{Carli:2010rw,
    author         = "Carli, Tancredi and Clements, Dan and Cooper-Sarkar,
    Amanda and Gwenlan, Claire and Salam, Gavin P. and
    Siegert, Frank and Starovoitov, Pavel and Sutton, Mark",
    title          = "{A posteriori inclusion of parton density functions in
    NLO QCD final-state calculations at hadron colliders: The
    \applgrid project}",
    journal        = "Eur. Phys. J. C",
    volume         = "66",
    year           = "2010",
    pages          = "503",
    doi            = "10.1140/epjc/s10052-010-1255-0",
    eprint         = "0911.2985",
    archivePrefix  = "arXiv",
    primaryClass   = "hep-ph",
    SLACcitation   = "%%CITATION = ARXIV:0911.2985;%%"
}

@article{Buckley:2014ana,
    author         = "Buckley, Andy and Ferrando, James and Lloyd, Stephen and
    Nordstr{\"o}m, Karl and Page, Ben and R{\"u}fenacht, Martin and
    Sch{\"o}nherr, Marek and Watt, Graeme",
    title          = "{{\lhapdf}6: parton density access in the LHC precision
    era}",
    journal        = "Eur. Phys. J. C",
    volume         = "75",
    year           = "2015",
    pages          = "132",
    doi            = "10.1140/epjc/s10052-015-3318-8",
    eprint         = "1412.7420",
    archivePrefix  = "arXiv",
    primaryClass   = "hep-ph",
    reportNumber   = "GLAS-PPE-2014-05, MCNET-14-29, IPPP-14-111, DCPT-14-222",
    SLACcitation   = "%%CITATION = ARXIV:1412.7420;%%"
}

@article{pdg,
      author         = "Tanabashi, M. and others",
      title          = "{Review of Particle Physics}",
      collaboration  = "Particle Data Group",
      journal        = "Phys. Rev.",
      volume         = "D98",
      year           = "2018",
      number         = "3",
      pages          = "030001",
      doi            = "10.1103/PhysRevD.98.030001",
      SLACcitation   = "%%CITATION = PHRVA,D98,030001;%%"
}



@article{Kusina:2013slm,
      author         = "Kusina, A. and Olness, F. I. and Schienbein, I. and Jezo,
                        T. and Kovarik, K. and Stavreva, T. and Yu, J. Y.",
      title          = "{Hybrid scheme for heavy flavors: Merging the fixed
                        flavor number scheme and variable flavor number scheme}",
      journal        = "Phys. Rev.",
      volume         = "D88",
      year           = "2013",
      number         = "7",
      pages          = "074032",
      doi            = "10.1103/PhysRevD.88.074032",
      eprint         = "1306.6553",
      archivePrefix  = "arXiv",
      primaryClass   = "hep-ph",
      reportNumber   = "LPSC-13-104, LTH-977, LPN13-024, IPPP-13-22",
      SLACcitation   = "%%CITATION = ARXIV:1306.6553;%%"
}

@online{openqcdrad,
  title =	 "S. Alekhin, ``OPENQCDRAD''",
  url =		 {http://www-zeuthen.desy.de/~alekhin/OPENQCDRAD/}
}
