#############################
PUT NON-STANDARD BIBTEX ENTRIES HERE
WE WILL USE INSPIRES TO AUTO GENERATE THE OTHER FILE
#######################################


@online{openqcdrad,
  author =	 "S. Alekhin",
  title =	 "{``OPENQCDRAD''}",
  url =		 {http://www-zeuthen.desy.de/~alekhin/OPENQCDRAD/}
}


@article{Napoletano:2014thesis,
      author         = "Napoletano, Davide",
      title          = "{Thesis: A New Hybrid Scheme For The Treatment 
                         Of Heavy Quarks In Perturbative QCD}",
      year           = "2014",
      journal   = "Istituto Nazionale di Fisica Nucleare | Sezione di Milano",
      volume         = "",
      howpublished   ={\url{http://nnpdf.mi.infn.it/wp-content/uploads/2017/10/NapoletanoTesi.pdf}},
      SLACcitation   = "%%CITATION =%%"
}


@article{Behring:2015roa,
      author         = "Behring, A. and Blümlein, J. and De Freitas, A. and
                        Hasselhuhn, A. and von Manteuffel, A. and Schneider, C.",
      title          = "{O($\alpha_s^3$) heavy flavor contributions to the charged
                        current structure function $xF_3(x,Q^2)$ at large momentum
                        transfer}",
      journal        = "Phys. Rev.",
      volume         = "D92",
      year           = "2015",
      number         = "11",
      pages          = "114005",
      doi            = "10.1103/PhysRevD.92.114005",
      eprint         = "1508.01449",
      archivePrefix  = "arXiv",
      primaryClass   = "hep-ph",
      reportNumber   = "DESY-15-077, DO-TH-15-07, MITP-15-039, DESY-15--077,
                        DO--TH-15-07",
      SLACcitation   = "%%CITATION = ARXIV:1508.01449;%%"
}


@article{Behring:2015roaBAD_ORIGINAL,
      author         = "Behring, A. and Blümlein, J. and De Freitas, A. and
                        Hasselhuhn, A. and von Manteuffel, A. and Schneider, C.",
      title          = "{O(α$_s^3$) heavy flavor contributions to the charged
                        current structure function $xF_3(x,Q^2)$ at large momentum
                        transfer}",
      journal        = "Phys. Rev.",
      volume         = "D92",
      year           = "2015",
      number         = "11",
      pages          = "114005",
      doi            = "10.1103/PhysRevD.92.114005",
      eprint         = "1508.01449",
      archivePrefix  = "arXiv",
      primaryClass   = "hep-ph",
      reportNumber   = "DESY-15-077, DO-TH-15-07, MITP-15-039, DESY-15--077,
                        DO--TH-15-07",
      SLACcitation   = "%%CITATION = ARXIV:1508.01449;%%"
}